<?xml version="1.0" encoding="UTF-8"?><collection xmlns="http://www.loc.gov/MARC21/slim"><record><leader>00352nam--2200121-i-4500</leader><controlfield tag="001">000048485</controlfield><controlfield tag="002">20161230</controlfield><controlfield tag="005">20161230201047</controlfield><controlfield tag="008">060222s1000------------r-----000-0-eng-d</controlfield><datafield ind1=" " ind2=" " tag="100"><subfield code="a">Rabcinscaia, G.I</subfield></datafield><datafield ind1=" " ind2=" " tag="245"><subfield code="a">Materialele utilizate in radiotehnica. trad.din l.rusa. numai pt.documentare</subfield></datafield><datafield ind1=" " ind2=" " tag="260"><subfield code="a">Bucuresti, Ed.Energ.De Stat, 1954, 199p</subfield></datafield><datafield ind1=" " ind2=" " tag="852"><subfield code="a">5800</subfield></datafield></record></collection>